@inproceedings{chien_comparative_2011,
	title = {A comparative study on operating system for 	
			Wireless Sensor Networks},
	booktitle = {2011 International Conference on Advanced 
				Computer Science and Information System 
				({ICACSIS})},
	author = {Chien, Thang Vu and Chan, Hung Nguyen and Huu, 
			Thanh Nguyen},
	month = dec,
	year = {2011},
	pages = {73--78}
}

@inproceedings{sitanayah_cooja-based_2013,
	series = {{SenSys} '13},
	title = {A Cooja-based tool for maintaining sensor 
			network coverage requirements in a building},
	isbn = {978-1-4503-2027-6},
	url = {http://doi.acm.org/10.1145/2517351.2517390},
	doi = {10.1145/2517351.2517390},
	urldate = {2013-11-11TZ},
	booktitle = {Proceedings of the 11th {ACM} Conference on 
				Embedded Networked Sensor Systems},
	author = {Sitanayah, Lanny and Sreenan, Cormac J. and 
			Fedor, Szymon},
	year = {2013},
	pages = {70:1--70:2}
}

@inproceedings{orpl,
	series = {{SenSys} '13},
	title = {Let the Tree Bloom: Scalable Opportunistic Routing with {ORPL}},
	isbn = {978-1-4503-2027-6},
	shorttitle = {Let the Tree Bloom},
	url = {http://doi.acm.org/10.1145/2517351.2517369},
	doi = {10.1145/2517351.2517369},
	urldate = {2014-06-13TZ},
	booktitle = {Proceedings of the 11th {ACM} Conference on Embedded Networked Sensor Systems},
	author = {Duquennoy, Simon and Landsiedel, Olaf and Voigt, Thiemo},
	year = {2013},
	pages = {2:1--2:14}
}

@inproceedings{tsiftes_framework_2010,
	address = {New York, {NY}, {USA}},
	series = {{SIGCOMM} '10},
	title = {A Framework for Low-power {IPv6} Routing Simulation, Experimentation, and Evaluation},
	isbn = {978-1-4503-0201-2},
	url = {http://doi.acm.org/10.1145/1851182.1851273},
	doi = {10.1145/1851182.1851273},
	urldate = {2014-03-10TZ},
	booktitle = {Proceedings of the {ACM} {SIGCOMM} 2010 Conference},
	author = {Tsiftes, Nicolas and Eriksson, Joakim and Finne, Niclas and Osterlind, Fredrik and HÃ¶glund, Joel and Dunkels, Adam},
	year = {2010},
	pages = {479--480}
}

@article{tsvetkov2011rpl,
  title={{RPL}: {IPv6} Routing Protocol for Low Power and Lossy Networks},
  author={Tsvetkov, Tsvetko},
  journal={Sensor Nodes--Operation, Network and Application (SN)},
  volume={59},
  pages={2},
  year={2011}
}

@misc{winter2012rpl,
  title={{RPL}: {IPv6} routing protocol for low power and lossy networks, {RFC} 6550},
  author={Winter, T and Thubert, P and Clausen, T and Hui, J and Kelsey, R and Levis, P and Pister, K and Struik, R and Vasseur, J},
  howpublished={\url{https://tools.ietf.org/html/rfc6550}},
  year={2012}
}

@misc{mrhof,
  title={The Minimum Rank with Hysteresis Objective Function, {RFC}6719},
  howpublished={\url{https://tools.ietf.org/html/rfc6719}},
  author={Gnawali, Omprakash},
  year={2012}
}

@misc{of0,
  title={Objective Function Zero for the Routing Protocol for Low-Power and Lossy Networks {(RPL)}, {RFC}6552},
  author={Thubert, Pascal},
  howpublished={\url{https://tools.ietf.org/html/rfc6552}},
  year={2012}
}

@misc{trickle,
  title={{RFC}6206: The Trickle Algorithm},
  author={Levis, Philip and Clausen, T and Hui, Jonathan and Gnawali, Omprakash and Ko, J},
  howpublished={https://tools.ietf.org/html/rfc6206},
  year={2011}
}

@misc{routingmetrics,
  title={Routing metrics used for path calculation in low power and lossy networks},
  author={Vasseur, J and Kim, M and Pister, K and Dejean, N and Barthel, D},
  howpublished = {https://tools.ietf.org/html/rfc6551},
  month=March,
  year={2012}
}

@misc{tsch,
	title={Using {IEEE802.15.4e} Time-Slotted Channel Hopping {(TSCH)} in an Internet of Things {(IoT)}: Problem Statement},
    howpublished={\url{https://tools.ietf.org/html/rfc7554}},
	author={Thomas Watteyne, Maria Rita Palattella, Luigi Alfredo Grieco},
	month = may,
	year={2015}
}

@inproceedings{watteyne,
	title = {Reliability Through Frequency Diversity: Why Channel Hopping Makes Sense},
	shorttitle = {Reliability Through Frequency Diversity},
	url = {http://doi.acm.org/10.1145/1641876.1641898},
	booktitle = {Proceedings of the 6th {ACM} Symposium on Performance Evaluation of Wireless Ad Hoc, Sensor, and Ubiquitous Networks},
	author = {Watteyne, Thomas and Mehta, Ankur and Pister, Kris},
	year = {2009},
	pages = {116--123}
}

@inproceedings{wu,
	title = {Realistic and Efficient Multi-Channel Communications in Wireless Sensor Networks},
	doi = {10.1109/INFOCOM.2008.175},
	booktitle = {{IEEE} {INFOCOM} 2008. The 27th Conference on Computer Communications},
	author = {Wu, Yafeng and Stankovic, J.A. and He, Tian and Lin, Shan},
	month = apr,
	year = {2008}
}

@inproceedings{chrysso,
	title = {Chrysso - A multi-channel approach to mitigate external interference},
	doi = {10.1109/SAHCN.2011.5984929},
	booktitle = {2011 8th Annual {IEEE} Communications Society Conference on Sensor, Mesh and Ad Hoc Communications and Networks ({SECON})},
	author = {Iyer, V. and Woehrle, M. and Langendoen, K.},
	month = jun,
	year = {2011},
	pages = {449--457}
}

@inproceedings{micmac,
	title = {Low-Power Listening Goes Multi-channel},
	doi = {10.1109/DCOSS.2014.33},
	booktitle = {2014 {IEEE} International Conference on Distributed Computing in Sensor Systems ({DCOSS})},
	author = {Al Nahas, B. and Duquennoy, S. and Iyer, V. and Voigt, T.},
	month = may,
	year = {2014},
	pages = {2--9}
}

@article{ieee_2012,
    author = {{IEEE}},
	title = {{IEEE} Standard for Information technology--Telecommunications and information exchange between systems Local and metropolitan area networks--Specific requirements Part 11},
	doi = {10.1109/IEEESTD.2012.6178212},
	journal = {{IEEE} Std 802.11-2012 (Revision of {IEEE} Std 802.11-2007)},
	month = mar,
	year = {2012},
	pages = {1--2793}
}

@MISC{contikimac,
    author = {Adam Dunkels},
    title = {The {ContikiMAC} Radio Duty Cycling Protocol},
    howpublished={Technical Report T2011:13. ISSN 1100-3154 \url{http://dunkels.com/adam/dunkels11contikimac.pdf}},
    year = {2011}
}

@article{mc-lmac,
 author = {Incel, Ozlem Durmaz and van Hoesel, Lodewijk and Jansen, Pierre and Havinga, Paul},
 title = {{MC-LMAC}: A Multi-channel {MAC} Protocol for Wireless Sensor Networks},
 journal = {Ad Hoc Netw.},
 issue_date = {January, 2011},
 volume = {9},
 number = {1},
 month = jan,
 year = {2011},
 issn = {1570-8705},
 pages = {73--94},
 numpages = {22},
 url = {http://dx.doi.org/10.1016/j.adhoc.2010.05.003},
 doi = {10.1016/j.adhoc.2010.05.003},
 acmid = {1851079},
 address = {Amsterdam, The Netherlands, The Netherlands},
 keywords = {MAC protocols, Multi-channel communication, Schedule based communication, Wireless sensor networks},
}

@INPROCEEDINGS{y-mac, 
author={Youngmin Kim and Hyojeong Shin and Hojung Cha}, 
booktitle={Information Processing in Sensor Networks, 2008. IPSN '08. International Conference on}, 
title={{Y-MAC}: An Energy-Efficient Multi-channel {MAC} Protocol for Dense Wireless Sensor Networks}, 
year={2008}, 
month={April}, 
pages={53-63}, 
keywords={access protocols;telecommunication traffic;wireless channels;wireless sensor networks;medium access control protocol;multichannel MAC protocol;network traffic;wireless sensor network;Access protocols;Energy efficiency;Information processing;Media Access Protocol;Radio transceivers;Sampling methods;Sleep;Telecommunication traffic;Wireless application protocol;Wireless sensor networks;Medium Access Control;Wireless Sensor Networks}, 
doi={10.1109/IPSN.2008.27},}

@inproceedings{emmac, 
author={Sivanantha, A. and Hamdaoui, B. and Guizani, M. and Xiuzhen Cheng and Znati, T.}, 
booktitle={Wireless Communications and Mobile Computing Conference (IWCMC), 2012 8th International}, 
title={{EM-MAC}: An energy-aware multi-channel {MAC} protocol for multi-hop wireless networks}, 
year={2012}, 
month={Aug}, 
pages={1159-1164}, 
keywords={access protocols;channel allocation;data communication;radio networks;telecommunication switching;EM-MAC;channel selection mechanism;common control channel;data communication;energy aware multichannel MAC protocol;iMAC;multichannel access capability;multihop wireless network;switching;wireless device;Data communication;IEEE 802.11 Standards;Media Access Protocol;Multiaccess communication;Receivers;Sleep;Switches}, 
doi={10.1109/IWCMC.2012.6314370},}

 @inproceedings{ctp,
 author = {Gnawali, Omprakash and Fonseca, Rodrigo and Jamieson, Kyle and Moss, David and Levis, Philip},
 title = {Collection Tree Protocol},
 booktitle = {Proceedings of the 7th ACM Conference on Embedded Networked Sensor Systems},
 series = {SenSys '09},
 year = {2009},
 isbn = {978-1-60558-519-2},
 location = {Berkeley, California},
 pages = {1--14},
 numpages = {14},
 url = {http://doi.acm.org/10.1145/1644038.1644040},
 doi = {10.1145/1644038.1644040},
 acmid = {1644040},
 keywords = {CTP, collection, routing, sensor network},
} 

@article{leach, 
author={Asaduzzaman and Kong, Hyung Yun}, 
journal={Communications and Networks, Journal of}, 
title={Energy efficient cooperative {LEACH} protocol for wireless sensor networks}, 
year={2010}, 
month={Aug}, 
volume={12}, 
number={4}, 
pages={358-365}, 
keywords={Bit error rate;Fading;MIMO;Protocols;Receivers;Signal to noise ratio;Wireless sensor networks;Cross-layer design;fading channel;low energy adaptive clustering hierarchy (LEACH);transmit diversity;virtual multiple input multiple output (MIMO);wireless sensor network}, 
doi={10.1109/JCN.2010.6388472}, 
ISSN={1229-2370},}

@INPROCEEDINGS{pegasis, 
author={Lindsey, S. and Raghavendra, C.S.}, 
booktitle={Aerospace Conference Proceedings, 2002. IEEE}, 
title={{PEGASIS}: Power-efficient gathering in sensor information systems}, 
year={2002}, 
month={}, 
volume={3}, 
pages={3-1125-3-1130 vol.3}, 
keywords={distributed sensors;packet radio networks;routing protocols;sensor fusion;LEACH protocol;PEGASIS;base stations;cluster head randomization;data collection;data fusion clusters;energy efficient information gathering;limited battery power sensors;node death;node neighbor communication;optimal chain-based protocols;packet transmission;sensor networks;sensor system power-efficient information gathering;sensor web nodes;wireless communication sensors;Base stations;Batteries;Collaboration;Costs;Information systems;Network topology;Protocols;Sensor fusion;Sensor systems;Wireless communication}, 
doi={10.1109/AERO.2002.1035242},}

@inproceedings{flocklab,
 author = {Lim, Roman and Ferrari, Federico and Zimmerling, Marco and Walser, Christoph and Sommer, Philipp and Beutel, Jan},
 title = {FlockLab: A Testbed for Distributed, Synchronized Tracing and Profiling of Wireless Embedded Systems},
 booktitle = {Proceedings of the 12th International Conference on Information Processing in Sensor Networks},
 series = {IPSN '13},
 year = {2013},
 isbn = {978-1-4503-1959-1},
 location = {Philadelphia, Pennsylvania, USA},
 pages = {153--166},
 numpages = {14},
 url = {http://doi.acm.org/10.1145/2461381.2461402},
 doi = {10.1145/2461381.2461402},
 acmid = {2461402},
 publisher = {ACM},
 address = {New York, NY, USA},
 keywords = {GPIO actuation, GPIO tracing, adjustable power supply, power profiling, testbed, wireless sensor network},
} 

@inproceedings{muchmac,
 author = {Borms, Joris and Steenhaut, Kris and Lemmens, Bart},
 title = {Low-overhead Dynamic Multi-channel {MAC} for Wireless Sensor Networks},
 booktitle = {Proceedings of the 7th European Conference on Wireless Sensor Networks},
 series = {EWSN'10},
 year = {2010},
 isbn = {3-642-11916-6, 978-3-642-11916-3},
 location = {Coimbra, Portugal},
 pages = {81--96},
 numpages = {16},
 url = {http://dx.doi.org/10.1007/978-3-642-11917-0_6},
 doi = {10.1007/978-3-642-11917-0_6},
 acmid = {2127948},
 } 

@inproceedings{Boano:2010:MSM:2127940.2127963,
 author = {Boano, Carlo Alberto and Voigt, Thiemo and Tsiftes, Nicolas and Mottola, Luca and R\"{o}mer, Kay and Z\'{u}\~{n}iga, Marco Antonio},
 title = {Making Sensornet {MAC} Protocols Robust Against Interference},
 booktitle = {Proceedings of the 7th European Conference on Wireless Sensor Networks},
 series = {EWSN'10},
 year = {2010},
 isbn = {3-642-11916-6, 978-3-642-11916-3},
 location = {Coimbra, Portugal},
 pages = {272--288},
 numpages = {17},
 url = {http://dx.doi.org/10.1007/978-3-642-11917-0_18},
 doi = {10.1007/978-3-642-11917-0_18},
 acmid = {2127963}} 
 
@ARTICLE{ieee802.15.4, 
journal={{IEEE} Std 802.15.4-2011 (Revision of IEEE Std 802.15.4-2006)}, 
title={{IEEE} Standard for Local and metropolitan area networks--Part 15.4: Low-Rate Wireless Personal Area Networks {(LR-WPANs)}}, 
year={2011}, 
pages={1-314}, 
keywords={Zigbee;data communication;protocols;telecommunication standards;IEEE Std 802.15.4-2006;IEEE standard;LR-WPAN;RF transmission;data communication device;local area networks;low data rate transmission;low-power low-complexity short-range radiofrequency transmission;low-rate wireless personal area networks;metropolitan area networks;protocol;Ad hoc networks;IEEE standards;Local area networks;Low power electronics;Metropolitan area networks;Mobile communication;Personal area networks;Wireless LAN networks;IEEE 802.15.4;LR-WPAN;PAN;RF;WPAN;ad hoc network;low data rate;low power;mobility;personal area network;radio frequency;short range;wireless;wireless personal area network}, 
doi={10.1109/IEEESTD.2011.6012487}, 
month={Sept},} 

@INPROCEEDINGS{ieeeCompare, 
author={Petrova, M. and Lili Wu and Mahonen, P. and Riihijarvi, J.}, 
booktitle={Networking, 2007. ICN '07. Sixth International Conference on}, 
title={Interference Measurements on Performance Degradation between Colocated {IEEE} 802.11g/n and {IEEE} 802.15.4 Networks}, 
year={2007}, 
pages={93-93}, 
keywords={IEEE standards;telecommunication traffic;wireless LAN;IEEE 802.11g/n;IEEE 802.11n;IEEE 802.15.4;ISM band;consumer electronics;frequency 2.4 GHz;interference measurements;low-power building automation;network traffic interference;sensor networks;wireless LAN technologies;wireless mesh networks;Automation;Bandwidth;Consumer electronics;Degradation;Interference;Spine;Telecommunication traffic;Usability;Wireless LAN;Wireless mesh networks}, 
doi={10.1109/ICN.2007.53}, 
month={April},}

@MISC{telosb-datasheet,
  author = {Crossbow Technology},
  title = {{TelosB} - {TelosB} Mote Platform},
  howpublished = {Document Part Number: 6020-0094-01 Rev B},
  month = {},
  year = {},
}

@INPROCEEDINGS{contiki, 
author={Dunkels, A. and Gronvall, B. and Voigt, T.}, 
booktitle={Local Computer Networks, 2004. 29th Annual IEEE International Conference on}, 
title={Contiki - a lightweight and flexible operating system for tiny networked sensors}, 
year={2004}, 
pages={455-462}, 
keywords={data communication;multi-threading;network operating systems;operating system kernels;wireless sensor networks;Contiki;dynamic code loading;event-driven kernel;flexible operating system;lightweight operating system;preemptive multithreading;wireless sensor networks;Computer science;Kernel;Large-scale systems;Libraries;Microcontrollers;Multithreading;Operating systems;Read-write memory;Sensor systems;Wireless sensor networks}, 
doi={10.1109/LCN.2004.38}, 
ISSN={0742-1303}, 
month={Nov},}

@INPROCEEDINGS{cooja, 
author={Osterlind, F. and Dunkels, A. and Eriksson, J. and Finne, N. and Voigt, T.}, 
booktitle={Local Computer Networks, Proceedings 2006 31st IEEE Conference on}, 
title={Cross-Level Sensor Network Simulation with {COOJA}}, 
year={2006}, 
pages={641-648}, 
keywords={digital simulation;telecommunication computing;wireless sensor networks;COOJA simulator;Contiki sensor node operating system;cross-level sensor network simulation;holistic simultaneous simulation;wireless sensor network simulation;Computational modeling;Computer science;Computer simulation;Hardware;Java;Operating systems;Programming;Sensor systems;Software systems;Wireless sensor networks}, 
doi={10.1109/LCN.2006.322172}, 
ISSN={0742-1303}, 
month={Nov},}