@inproceedings{chien_comparative_2011,
	title = {A comparative study on operating system for 	
			Wireless Sensor Networks},
	booktitle = {2011 International Conference on Advanced 
				Computer Science and Information System 
				({ICACSIS})},
	author = {Chien, Thang Vu and Chan, Hung Nguyen and Huu, 
			Thanh Nguyen},
	month = dec,
	year = {2011},
	pages = {73--78}
}

@inproceedings{sitanayah_cooja-based_2013,
	address = {New York, {NY}, {USA}},
	series = {{SenSys} '13},
	title = {A Cooja-based tool for maintaining sensor 
			network coverage requirements in a building},
	isbn = {978-1-4503-2027-6},
	url = {http://doi.acm.org/10.1145/2517351.2517390},
	doi = {10.1145/2517351.2517390},
	urldate = {2013-11-11TZ},
	booktitle = {Proceedings of the 11th {ACM} Conference on 
				Embedded Networked Sensor Systems},
	publisher = {{ACM}},
	author = {Sitanayah, Lanny and Sreenan, Cormac J. and 
			Fedor, Szymon},
	year = {2013},
	pages = {70:1–70:2}
}

@inproceedings{orpl,
	address = {New York, {NY}, {USA}},
	series = {{SenSys} '13},
	title = {Let the Tree Bloom: Scalable Opportunistic Routing with {ORPL}},
	isbn = {978-1-4503-2027-6},
	shorttitle = {Let the Tree Bloom},
	url = {http://doi.acm.org/10.1145/2517351.2517369},
	doi = {10.1145/2517351.2517369},
	urldate = {2014-06-13TZ},
	booktitle = {Proceedings of the 11th {ACM} Conference on Embedded Networked Sensor Systems},
	publisher = {{ACM}},
	author = {Duquennoy, Simon and Landsiedel, Olaf and Voigt, Thiemo},
	year = {2013},
	pages = {2:1–2:14}
}

@inproceedings{tsiftes_framework_2010,
	address = {New York, {NY}, {USA}},
	series = {{SIGCOMM} '10},
	title = {A Framework for Low-power {IPv}6 Routing Simulation, Experimentation, and Evaluation},
	isbn = {978-1-4503-0201-2},
	url = {http://doi.acm.org/10.1145/1851182.1851273},
	doi = {10.1145/1851182.1851273},
	urldate = {2014-03-10TZ},
	booktitle = {Proceedings of the {ACM} {SIGCOMM} 2010 Conference},
	publisher = {{ACM}},
	author = {Tsiftes, Nicolas and Eriksson, Joakim and Finne, Niclas and Osterlind, Fredrik and Höglund, Joel and Dunkels, Adam},
	year = {2010},
	pages = {479–480}
}

@article{tsvetkov2011rpl,
  title={RPL: IPv6 Routing Protocol for Low Power and Lossy Networks},
  author={Tsvetkov, Tsvetko},
  journal={Sensor Nodes--Operation, Network and Application (SN)},
  volume={59},
  pages={2},
  year={2011}
}

@article{winter2012rpl,
  title={RPL: IPv6 routing protocol for low power and lossy networks, RFC 6550},
  author={Winter, T and Thubert, P and Clausen, T and Hui, J and Kelsey, R and Levis, P and Pister, K and Struik, R and Vasseur, J},
  journal={IETF ROLL WG, Tech. Rep},
  year={2012}
}

@article{mrhof,
  title={The Minimum Rank with Hysteresis Objective Function, RFC6719},
  author={Gnawali, Omprakash},
  year={2012}
}

@article{of0,
  title={Objective Function Zero for the Routing Protocol for Low-Power and Lossy Networks (RPL), RFC6552},
  author={Thubert, Pascal},
  year={2012}
}

@article{trickle,
  title={RFC6206: The Trickle Algorithm},
  author={Levis, Philip and Clausen, T and Hui, Jonathan and Gnawali, Omprakash and Ko, J},
  journal={Internet Engineering Task Force (IETF) Request For Comments, http://ietf. org/rfc/rfc6206. txt},
  year={2011}
}

@article{vasseur2011routing,
  title={Routing metrics used for path calculation in low power and lossy networks},
  author={Vasseur, J and Kim, M and Pister, K and Dejean, N and Barthel, D},
  journal={draft-ietf-roll-routing-metrics-19 (work in progress)},
  year={2011}
}

@article{tsch,
	title={Using IEEE802.15.4e TSCH in an LLN context: Overview, Problem Statement and Goals},
	author={Thomas Watteyne, Maria Rita Palattella, Luigi Alfredo Grieco},
	year={2014}
}

@inproceedings{watteyne,
	address = {New York, {NY}, {USA}},
	series = {{PE}-{WASUN} '09},
	title = {Reliability Through Frequency Diversity: Why Channel Hopping Makes Sense},
	isbn = {978-1-60558-618-2},
	shorttitle = {Reliability Through Frequency Diversity},
	url = {http://doi.acm.org/10.1145/1641876.1641898},
	doi = {10.1145/1641876.1641898},
	urldate = {2014-07-02TZ},
	booktitle = {Proceedings of the 6th {ACM} Symposium on Performance Evaluation of Wireless Ad Hoc, Sensor, and Ubiquitous Networks},
	publisher = {{ACM}},
	author = {Watteyne, Thomas and Mehta, Ankur and Pister, Kris},
	year = {2009},
	pages = {116–123}
}

@inproceedings{wu,
	title = {Realistic and Efficient Multi-Channel Communications in Wireless Sensor Networks},
	doi = {10.1109/INFOCOM.2008.175},
	booktitle = {{IEEE} {INFOCOM} 2008. The 27th Conference on Computer Communications},
	author = {Wu, Yafeng and Stankovic, J.A. and He, Tian and Lin, Shan},
	month = apr,
	year = {2008},
	pages = {--}
}

@inproceedings{chrysso,
	title = {Chrysso - A multi-channel approach to mitigate external interference},
	doi = {10.1109/SAHCN.2011.5984929},
	booktitle = {2011 8th Annual {IEEE} Communications Society Conference on Sensor, Mesh and Ad Hoc Communications and Networks ({SECON})},
	author = {Iyer, V. and Woehrle, M. and Langendoen, K.},
	month = jun,
	year = {2011},
	pages = {449--457}
}

@inproceedings{micmac,
	title = {Low-Power Listening Goes Multi-channel},
	doi = {10.1109/DCOSS.2014.33},
	booktitle = {2014 {IEEE} International Conference on Distributed Computing in Sensor Systems ({DCOSS})},
	author = {Al Nahas, B. and Duquennoy, S. and Iyer, V. and Voigt, T.},
	month = may,
	year = {2014},
	pages = {2--9}
}

@article{ieee_2012,
	title = {{IEEE} Standard for Information technology–Telecommunications and information exchange between systems Local and metropolitan area networks–Specific requirements Part 11: Wireless {LAN} Medium Access Control ({MAC}) and Physical Layer ({PHY}) Specifications},
	shorttitle = {{IEEE} Standard for Information technology–Telecommunications and information exchange between systems Local and metropolitan area networks–Specific requirements Part 11},
	doi = {10.1109/IEEESTD.2012.6178212},
	journal = {{IEEE} Std 802.11-2012 (Revision of {IEEE} Std 802.11-2007)},
	month = mar,
	year = {2012},
	pages = {1--2793}
}

@MISC{contikimac,
    author = {Adam Dunkels},
    title = {The {ContikiMAC} Radio Duty Cycling Protocol},
    year = {2011}
}